<record><leader>00000cas a22000007a 4500</leader><controlfield tag="001">15744452</controlfield><controlfield tag="008">870528c196u9999mouwr ne      0   a0eng d</controlfield><datafield ind1=" " ind2=" " tag="010"><subfield code="a">sn 87001110 </subfield></datafield><datafield ind1=" " ind2=" " tag="040"><subfield code="a">NSD</subfield><subfield code="b">eng</subfield><subfield code="c">NSD</subfield><subfield code="d">MQN</subfield><subfield code="d">OCLCQ</subfield></datafield><datafield ind1=" " ind2=" " tag="012"><subfield code="m">1</subfield></datafield><datafield ind1="1" ind2=" " tag="022"><subfield code="a">0894-0568</subfield><subfield code="l">0894-0568</subfield><subfield code="2">1</subfield></datafield><datafield ind1=" " ind2=" " tag="032"><subfield code="a">923780</subfield><subfield code="b">USPS</subfield></datafield><datafield ind1=" " ind2=" " tag="037"><subfield code="b">Larimer Publications, Inc., P.O. Box 432, Kimberling City, MO 65686</subfield></datafield><datafield ind1=" " ind2=" " tag="042"><subfield code="a">nsdp</subfield></datafield><datafield ind1=" " ind2="4" tag="222"><subfield code="a">The Table Rock gazette</subfield></datafield><datafield ind1="0" ind2="0" tag="245"><subfield code="a">Table Rock gazette.</subfield></datafield><datafield ind1=" " ind2=" " tag="260"><subfield code="a">Kimberling City, Mo. :</subfield><subfield code="b">T.E. Larimer</subfield></datafield><datafield ind1=" " ind2=" " tag="310"><subfield code="a">Weekly</subfield></datafield><datafield ind1=" " ind2=" " tag="588"><subfield code="a">Description based on: Vol. 5, no. 48 (Mar. 7, 1968).</subfield></datafield><datafield ind1=" " ind2=" " tag="752"><subfield code="a">United States</subfield><subfield code="b">Missouri</subfield><subfield code="c">Stone</subfield><subfield code="d">Kimberling City.</subfield></datafield><datafield ind1="0" ind2="0" tag="780"><subfield code="t">Kimberling City gazette</subfield></datafield></record>